@misc{1,
	title = "TripAdvisor",
	howpublished = "\url{http://www.tripadvisor.com}"
}
